<record><leader>00000cas a2200000 a 4500</leader><controlfield tag="001">30906206</controlfield><controlfield tag="008">940808d19541989caucr ne      0    0eng c</controlfield><datafield ind1=" " ind2=" " tag="010"><subfield code="a">sn 94052855 </subfield></datafield><datafield ind1=" " ind2=" " tag="040"><subfield code="a">CUY</subfield><subfield code="b">eng</subfield><subfield code="c">CNK</subfield><subfield code="d">OCLCQ</subfield><subfield code="d">CNK</subfield><subfield code="d">OCLCF</subfield><subfield code="d">OCLCO</subfield></datafield><datafield ind1="1" ind2=" " tag="029"><subfield code="a">AU@</subfield><subfield code="b">000011230009</subfield></datafield><datafield ind1=" " ind2=" " tag="042"><subfield code="a">pcc</subfield></datafield><datafield ind1=" " ind2=" " tag="043"><subfield code="a">n-us-ca</subfield></datafield><datafield ind1="0" ind2="0" tag="245"><subfield code="a">Chula Vista star-news.</subfield></datafield><datafield ind1=" " ind2=" " tag="260"><subfield code="a">Chula Vista, Calif. :</subfield><subfield code="b">Bay Cities Pub. Co.</subfield></datafield><datafield ind1=" " ind2=" " tag="300"><subfield code="a">v.</subfield></datafield><datafield ind1=" " ind2=" " tag="310"><subfield code="a">Semiweekly,</subfield><subfield code="b">Aug. 31, 1961-May 31, 1989</subfield></datafield><datafield ind1=" " ind2=" " tag="321"><subfield code="a">Weekly,</subfield><subfield code="b">Aug. 5, 1954-Aug. 24, 1961</subfield></datafield><datafield ind1="0" ind2=" " tag="362"><subfield code="a">36th year, no. 27 (Aug. 5, 1954)-v. 71, no. 44 (May 31, 1989).</subfield></datafield><datafield ind1=" " ind2=" " tag="500"><subfield code="a">"Monday," "Thursday" and "Twice Weekly" appear in smaller print in ornament to the right of title, May 2-July 11, 1957; "Sunday," "Thursday" and "Twice Weekly" appear in smaller print in ornament to the right of title, July 18, 1957-Aug. 27, 1961.</subfield></datafield><datafield ind1=" " ind2=" " tag="515"><subfield code="a">Vol. and issue numbering is suspended with 65th year, no. 70 (Sept. 1, 1983) and resumes with v. 69, no. 44 (May 26, 1987).</subfield></datafield><datafield ind1=" " ind2="0" tag="651"><subfield code="a">Chula Vista (Calif.)</subfield><subfield code="v">Newspapers.</subfield></datafield><datafield ind1=" " ind2="0" tag="651"><subfield code="a">National City (Calif.)</subfield><subfield code="v">Newspapers.</subfield></datafield><datafield ind1=" " ind2="7" tag="655"><subfield code="a">Newspapers.</subfield><subfield code="2">fast</subfield><subfield code="0">(OCoLC)fst01423814</subfield></datafield><datafield ind1=" " ind2="7" tag="651"><subfield code="a">California</subfield><subfield code="z">Chula Vista.</subfield><subfield code="2">fast</subfield><subfield code="0">(OCoLC)fst01217490</subfield></datafield><datafield ind1=" " ind2="7" tag="651"><subfield code="a">California</subfield><subfield code="z">National City.</subfield><subfield code="2">fast</subfield><subfield code="0">(OCoLC)fst01219031</subfield></datafield><datafield ind1=" " ind2=" " tag="752"><subfield code="a">United States</subfield><subfield code="b">California</subfield><subfield code="c">San Diego</subfield><subfield code="d">Chula Vista.</subfield></datafield><datafield ind1="0" ind2=" " tag="775"><subfield code="t">National City star-news</subfield><subfield code="w">(DLC)sn2001060333</subfield></datafield><datafield ind1="0" ind2=" " tag="775"><subfield code="t">Chula Vista National City star-news</subfield><subfield code="w">(DLC)sn2001060332</subfield></datafield><datafield ind1="0" ind2=" " tag="775"><subfield code="t">Star-news National City and Chula Vista</subfield><subfield code="w">(DLC)sn2001060334</subfield></datafield><datafield ind1="0" ind2=" " tag="775"><subfield code="t">Imperial Beach star-news</subfield><subfield code="w">(DLC)sn2012271115</subfield></datafield><datafield ind1="0" ind2="4" tag="780"><subfield code="t">Chula Vista star</subfield><subfield code="w">(DLC)sn 00060651</subfield></datafield><datafield ind1="0" ind2="4" tag="780"><subfield code="t">National City news</subfield><subfield code="w">(DLC)sn 97069650</subfield></datafield><datafield ind1="0" ind2="0" tag="785"><subfield code="t">Star-news (Chula Vista, Calif.)</subfield><subfield code="w">(DLC)sn 00060667</subfield></datafield></record>